%% This BibTeX bibliography file was created using BibDesk.
%% http://bibdesk.sourceforge.net/


%% Created for Brian Howard at 2017-08-12 23:27:26 -0400 


%% Saved with string encoding Unicode (UTF-8) 



@book{gurnell2017cs,
	Author = {Dave Gurnell and Noel Welsh},
	Date-Added = {2017-08-13 03:19:50 +0000},
	Date-Modified = {2017-08-13 03:23:11 +0000},
	Edition = {2nd},
	Publisher = {Underscore},
	Title = {Creative Scala},
	Url = {https://gumroad.com/l/creative-scala},
	Year = {2017},
	Bdsk-Url-1 = {https://gumroad.com/l/creative-scala}}

@book{odersky2016pis,
	Author = {Martin Odersky and Lex Spoon and Bill Venners},
	Date-Added = {2017-08-13 03:11:41 +0000},
	Date-Modified = {2017-08-13 03:27:26 +0000},
	Edition = {3rd},
	Isbn = {9780981531687},
	Publisher = {Artima},
	Title = {Programming in Scala},
	Year = {2016},
	Bdsk-File-1 = {YnBsaXN0MDDUAQIDBAUGJCVYJHZlcnNpb25YJG9iamVjdHNZJGFyY2hpdmVyVCR0b3ASAAGGoKgHCBMUFRYaIVUkbnVsbNMJCgsMDxJXTlMua2V5c1pOUy5vYmplY3RzViRjbGFzc6INDoACgAOiEBGABIAFgAdccmVsYXRpdmVQYXRoWWFsaWFzRGF0YV8QIy4uLy4uL1NjYWxhQm9va3MvUHJvZ0luU2NhbGEzZWQucGRm0hcLGBlXTlMuZGF0YU8RAaYAAAAAAaYAAgAACFNhdW5kZXJzAAAAAAAAAAAAAAAAAAAAAAAAANL6GTNIKwAAABF2JxJQcm9nSW5TY2FsYTNlZC5wZGYAAAAAAAAAAAAAAAAAAAAAAAAAAAAAAAAAAAAAAAAAAAAAAAAAAAAAAAAAAAAAQzYq00lAegAAAAAAAAAAAAIAAgAACSAAAAAAAAAAAAAAAAAAAAAKU2NhbGFCb29rcwAQAAgAANL6X4MAAAARAAgAANNJeLoAAAABABAAEXYnABEd9QALbJoABiwmAAIARVNhdW5kZXJzOlVzZXJzOgBiaG93YXJkOgBHb29nbGUgRHJpdmU6AFNjYWxhQm9va3M6AFByb2dJblNjYWxhM2VkLnBkZgAADgAmABIAUAByAG8AZwBJAG4AUwBjAGEAbABhADMAZQBkAC4AcABkAGYADwASAAgAUwBhAHUAbgBkAGUAcgBzABIAOFVzZXJzL2Job3dhcmQvR29vZ2xlIERyaXZlL1NjYWxhQm9va3MvUHJvZ0luU2NhbGEzZWQucGRmABMAAS8AABUAAgAO//8AAIAG0hscHR5aJGNsYXNzbmFtZVgkY2xhc3Nlc11OU011dGFibGVEYXRhox0fIFZOU0RhdGFYTlNPYmplY3TSGxwiI1xOU0RpY3Rpb25hcnmiIiBfEA9OU0tleWVkQXJjaGl2ZXLRJidUcm9vdIABAAgAEQAaACMALQAyADcAQABGAE0AVQBgAGcAagBsAG4AcQBzAHUAdwCEAI4AtAC5AMECawJtAnICfQKGApQCmAKfAqgCrQK6Ar0CzwLSAtcAAAAAAAACAQAAAAAAAAAoAAAAAAAAAAAAAAAAAAAC2Q==}}

@book{aho1994foundations,
	Author = {Alfred V. Aho and Jeffrey D. Ullman},
	Date-Added = {2015-03-23 14:41:58 +0000},
	Date-Modified = {2015-03-23 14:44:24 +0000},
	Isbn = {9780716782841},
	Lccn = {94035405},
	Publisher = {W. H. Freeman},
	Read = {1},
	Series = {Principles of computer science series},
	Title = {Foundations of Computer Science: C Edition},
	Url = {http://i.stanford.edu/~ullman/focs.html},
	Year = {1994},
	Bdsk-Url-1 = {http://books.google.com/books?id=q7-HQgAACAAJ},
	Bdsk-Url-2 = {http://i.stanford.edu/~ullman/focs.html}}
